@inproceedings{goller1996learning,
  title={Learning task-dependent distributed representations by backpropagation through structure},
  author={Goller, Christoph and Kuchler, Andreas},
  booktitle={Neural Networks, 1996., IEEE International Conference on},
  volume={1},
  pages={347--352},
  year={1996},
  organization={IEEE}
}
